{
  "timestamp": "2025-03-14T11:07:49.645104",
  "protocols": {
    "aave": {
      "versions": {
        "aave": {
          "name": "AAVE",
          "symbol": "AAVE",
          "chains": [],
          "tvl": {
            "date": 1741947725,
            "totalLiquidityUSD": 17391932537.04393
          },
          "fees": 1191150400.0,
          "revenue": 197664227.0,
          "mcap": 2514862697.7918625
        },
        "aave-v2": {
          "name": "AAVE V2",
          "symbol": "AAVE",
          "chains": [
            "Ethereum",
            "Avalanche",
            "Polygon"
          ],
          "tvl": {
            "date": 1741945571,
            "totalLiquidityUSD": 341719443.64685
          },
          "fees": 666743769.0,
          "revenue": 108154038.0,
          "mcap": 2507698956.7794695
        },
        "aave-v3": {
          "name": "AAVE V3",
          "symbol": "AAVE",
          "chains": [
            "Optimism",
            "Binance",
            "Fantom",
            "Ethereum",
            "Sonic",
            "Metis",
            "Polygon",
            "Linea",
            "Scroll",
            "Arbitrum",
            "Avalanche",
            "Harmony",
            "Base",
            "xDai",
            "zkSync Era"
          ],
          "tvl": {
            "date": 1741945451,
            "totalLiquidityUSD": 17039787184.25796
          },
          "fees": 524406631.0,
          "revenue": 89510189.0,
          "mcap": null
        }
      },
      "aggregated": {
        "tvl": 39999277911.94874,
        "fees": 2382300800.0,
        "revenue": 395328454.0
      },
      "monthly_revenue": {
        "aave": {
          "2020-12": 14094,
          "2021-01": 122896,
          "2021-02": 364371,
          "2021-03": 612537,
          "2021-04": 1047332,
          "2021-05": 4137059,
          "2021-06": 3085103,
          "2021-07": 2397250,
          "2021-08": 3944591,
          "2021-09": 4931852,
          "2021-10": 6550249,
          "2021-11": 5542083,
          "2021-12": 4369458,
          "2022-01": 3926043,
          "2022-02": 2451172,
          "2022-03": 2110086,
          "2022-04": 2632529,
          "2022-05": 1984063,
          "2022-06": 1565071,
          "2022-07": 1071854,
          "2022-08": 1545266,
          "2022-09": 1751873,
          "2022-10": 1256156,
          "2022-11": 1020479,
          "2022-12": 631709,
          "2023-01": 1401249,
          "2023-02": 700063,
          "2023-03": 1142522,
          "2023-04": 813681,
          "2023-05": 776482,
          "2023-06": 907186,
          "2023-07": 1284797,
          "2023-08": 6678467,
          "2023-09": 3213701,
          "2023-10": 1809882,
          "2023-11": 1620366,
          "2023-12": 9404341,
          "2024-01": 5993214,
          "2024-02": 7424074,
          "2024-03": 6535803,
          "2024-04": 6324043,
          "2024-05": 6541958,
          "2024-06": 6359403,
          "2024-07": 5116747,
          "2024-08": 6166608,
          "2024-09": 3961982,
          "2024-10": 11823702,
          "2024-11": 8188057,
          "2024-12": 11676539,
          "2025-01": 11956584,
          "2025-02": 8457990,
          "2025-03": 2319610
        },
        "aave-v2": {
          "2020-12": 14094,
          "2021-01": 122896,
          "2021-02": 364371,
          "2021-03": 612537,
          "2021-04": 1047332,
          "2021-05": 4137059,
          "2021-06": 3085103,
          "2021-07": 2397250,
          "2021-08": 3944591,
          "2021-09": 4931852,
          "2021-10": 6550249,
          "2021-11": 5542083,
          "2021-12": 4369458,
          "2022-01": 3926043,
          "2022-02": 2451172,
          "2022-03": 2108275,
          "2022-04": 2195778,
          "2022-05": 1341010,
          "2022-06": 679537,
          "2022-07": 543396,
          "2022-08": 804535,
          "2022-09": 1170939,
          "2022-10": 894343,
          "2022-11": 873843,
          "2022-12": 534320,
          "2023-01": 1263770,
          "2023-02": 612062,
          "2023-03": 1012700,
          "2023-04": 706137,
          "2023-05": 685805,
          "2023-06": 659028,
          "2023-07": 898677,
          "2023-08": 6558139,
          "2023-09": 988261,
          "2023-10": 1158148,
          "2023-11": 793688,
          "2023-12": 1765290,
          "2024-01": 2061559,
          "2024-02": 1400809,
          "2024-03": 2160828,
          "2024-04": 2086779,
          "2024-05": 2426887,
          "2024-06": 2861408,
          "2024-07": 1549395,
          "2024-08": 1888699,
          "2024-09": 1638957,
          "2024-10": 2544142,
          "2024-11": 4846500,
          "2024-12": 3679923,
          "2025-01": 5300157,
          "2025-02": 1663327,
          "2025-03": 300897
        },
        "aave-v3": {
          "2022-03": 1811,
          "2022-04": 436751,
          "2022-05": 643053,
          "2022-06": 885534,
          "2022-07": 528458,
          "2022-08": 740731,
          "2022-09": 580934,
          "2022-10": 361813,
          "2022-11": 146636,
          "2022-12": 97389,
          "2023-01": 137479,
          "2023-02": 88001,
          "2023-03": 129822,
          "2023-04": 107544,
          "2023-05": 90677,
          "2023-06": 248158,
          "2023-07": 386120,
          "2023-08": 120328,
          "2023-09": 2225440,
          "2023-10": 651734,
          "2023-11": 826678,
          "2023-12": 7639051,
          "2024-01": 3931655,
          "2024-02": 6023265,
          "2024-03": 4374975,
          "2024-04": 4237264,
          "2024-05": 4115071,
          "2024-06": 3497995,
          "2024-07": 3567352,
          "2024-08": 4277909,
          "2024-09": 2323025,
          "2024-10": 9279560,
          "2024-11": 3341557,
          "2024-12": 7996616,
          "2025-01": 6656427,
          "2025-02": 6794663,
          "2025-03": 2018713
        }
      }
    },
    "compound": {
      "versions": {
        "compound-finance": {
          "name": "Compound Finance",
          "symbol": null,
          "chains": [],
          "tvl": {
            "date": 1741947966,
            "totalLiquidityUSD": 2273430771.78689
          },
          "fees": 515052967.0,
          "revenue": 62614075.0,
          "mcap": 357326278.9028286
        },
        "compound-v1": {
          "name": "Compound V1",
          "symbol": "COMP",
          "chains": [
            "Ethereum"
          ],
          "tvl": {
            "date": 1741945811,
            "totalLiquidityUSD": 2489909.31433
          },
          "fees": 0.0,
          "revenue": 0.0,
          "mcap": null
        },
        "compound-v2": {
          "name": "Compound V2",
          "symbol": "COMP",
          "chains": [
            "Ethereum"
          ],
          "tvl": {
            "date": 1741946687,
            "totalLiquidityUSD": 460959974.23351
          },
          "fees": 515052967.0,
          "revenue": 62614075.0,
          "mcap": null
        },
        "compound-v3": {
          "name": "Compound V3",
          "symbol": "COMP",
          "chains": [
            "Mantle",
            "Polygon",
            "Optimism",
            "Ethereum",
            "Arbitrum",
            "Scroll",
            "Base"
          ],
          "tvl": {
            "date": 1741946579,
            "totalLiquidityUSD": 1809980888.23905
          },
          "fees": 0.0,
          "revenue": 0.0,
          "mcap": null
        }
      },
      "aggregated": {
        "tvl": 11514648586.57378,
        "fees": 1030105934.0,
        "revenue": 125228150.0
      },
      "monthly_revenue": {
        "compound-finance": {
          "2019-05": 1596,
          "2019-06": 9708,
          "2019-07": 34095,
          "2019-08": 61755,
          "2019-09": 42529,
          "2019-10": 30143,
          "2019-11": 20536,
          "2019-12": 13419,
          "2020-01": 17135,
          "2020-02": 13878,
          "2020-03": 10284,
          "2020-04": 3301,
          "2020-05": 3056,
          "2020-06": 558775,
          "2020-07": 541326,
          "2020-08": 373083,
          "2020-09": 320646,
          "2020-10": 346614,
          "2020-11": 455771,
          "2020-12": 1052172,
          "2021-01": 2032815,
          "2021-02": 3987773,
          "2021-03": 4570159,
          "2021-04": 5138687,
          "2021-05": 3779593,
          "2021-06": 1936123,
          "2021-07": 2280992,
          "2021-08": 3169413,
          "2021-09": 3563783,
          "2021-10": 3551545,
          "2021-11": 3338938,
          "2021-12": 3121379,
          "2022-01": 2137868,
          "2022-02": 1329067,
          "2022-03": 1358483,
          "2022-04": 1124541,
          "2022-05": 455117,
          "2022-06": 225481,
          "2022-07": 188035,
          "2022-08": 210959,
          "2022-09": 223695,
          "2022-10": 212499,
          "2022-11": 188106,
          "2022-12": 155263,
          "2023-01": 164354,
          "2023-02": 205143,
          "2023-03": 228410,
          "2023-04": 173032,
          "2023-05": 173419,
          "2023-06": 161437,
          "2023-07": 240808,
          "2023-08": 336323,
          "2023-09": 301024,
          "2023-10": 426001,
          "2023-11": 687993,
          "2023-12": 903898,
          "2024-01": 969485,
          "2024-02": 737869,
          "2024-03": 1154135,
          "2024-04": 635455,
          "2024-05": 576012,
          "2024-06": 452542,
          "2024-07": 427034,
          "2024-08": 150056,
          "2024-09": 109949,
          "2024-10": 148562,
          "2024-11": 172706,
          "2024-12": 338201,
          "2025-01": 307404,
          "2025-02": 193137,
          "2025-03": 49550
        },
        "compound-v1": {},
        "compound-v2": {
          "2019-05": 1596,
          "2019-06": 9708,
          "2019-07": 34095,
          "2019-08": 61755,
          "2019-09": 42529,
          "2019-10": 30143,
          "2019-11": 20536,
          "2019-12": 13419,
          "2020-01": 17135,
          "2020-02": 13878,
          "2020-03": 10284,
          "2020-04": 3301,
          "2020-05": 3056,
          "2020-06": 558775,
          "2020-07": 541326,
          "2020-08": 373083,
          "2020-09": 320646,
          "2020-10": 346614,
          "2020-11": 455771,
          "2020-12": 1052172,
          "2021-01": 2032815,
          "2021-02": 3987773,
          "2021-03": 4570159,
          "2021-04": 5138687,
          "2021-05": 3779593,
          "2021-06": 1936123,
          "2021-07": 2280992,
          "2021-08": 3169413,
          "2021-09": 3563783,
          "2021-10": 3551545,
          "2021-11": 3338938,
          "2021-12": 3121379,
          "2022-01": 2137868,
          "2022-02": 1329067,
          "2022-03": 1358483,
          "2022-04": 1124541,
          "2022-05": 455117,
          "2022-06": 225481,
          "2022-07": 188035,
          "2022-08": 210959,
          "2022-09": 223695,
          "2022-10": 212499,
          "2022-11": 188106,
          "2022-12": 155263,
          "2023-01": 164354,
          "2023-02": 205143,
          "2023-03": 228410,
          "2023-04": 173032,
          "2023-05": 173419,
          "2023-06": 161437,
          "2023-07": 240808,
          "2023-08": 336323,
          "2023-09": 301024,
          "2023-10": 426001,
          "2023-11": 687993,
          "2023-12": 903898,
          "2024-01": 969485,
          "2024-02": 737869,
          "2024-03": 1154135,
          "2024-04": 635455,
          "2024-05": 576012,
          "2024-06": 452542,
          "2024-07": 427034,
          "2024-08": 150056,
          "2024-09": 109949,
          "2024-10": 148562,
          "2024-11": 172706,
          "2024-12": 338201,
          "2025-01": 307404,
          "2025-02": 193137,
          "2025-03": 49550
        },
        "compound-v3": {}
      }
    },
    "lido": {
      "versions": {
        "lido": {
          "name": "Lido",
          "symbol": "LDO",
          "chains": [
            "Terra",
            "Ethereum",
            "Moonbeam",
            "Moonriver",
            "Solana"
          ],
          "tvl": {
            "date": 1741945259,
            "totalLiquidityUSD": 17706568354.29095
          },
          "fees": 2294226829.0,
          "revenue": 228936302.0,
          "mcap": 832632419.9290503
        }
      },
      "aggregated": {
        "tvl": 19448513613.29095,
        "fees": 2294226829.0,
        "revenue": 228936302.0
      },
      "monthly_revenue": {
        "lido": {
          "2021-01": 0,
          "2021-02": 0,
          "2021-03": 0,
          "2021-04": 15492,
          "2021-05": 632958,
          "2021-06": 614543,
          "2021-07": 701456,
          "2021-08": 1265232,
          "2021-09": 1847503,
          "2021-10": 2425356,
          "2021-11": 2908563,
          "2021-12": 2922496,
          "2022-01": 2314339,
          "2022-02": 2110703,
          "2022-03": 2792177,
          "2022-04": 3680195,
          "2022-05": 3233429,
          "2022-06": 2142499,
          "2022-07": 2117888,
          "2022-08": 2699932,
          "2022-09": 2633804,
          "2022-10": 3093934,
          "2022-11": 3836540,
          "2022-12": 2628343,
          "2023-01": 3339434,
          "2023-02": 3542954,
          "2023-03": 4818705,
          "2023-04": 4979407,
          "2023-05": 5090250,
          "2023-06": 4784498,
          "2023-07": 5563875,
          "2023-08": 5306499,
          "2023-09": 4662763,
          "2023-10": 4987509,
          "2023-11": 6144841,
          "2023-12": 7294791,
          "2024-01": 7356673,
          "2024-02": 8021506,
          "2024-03": 11527629,
          "2024-04": 9191605,
          "2024-05": 8989835,
          "2024-06": 9755112,
          "2024-07": 9124656,
          "2024-08": 7618443,
          "2024-09": 6687159,
          "2024-10": 6972035,
          "2024-11": 8354308,
          "2024-12": 9810232,
          "2025-01": 8913352,
          "2025-02": 6979752,
          "2025-03": 2501097
        }
      }
    },
    "fluid": {
      "versions": {
        "fluid": {
          "name": "Fluid",
          "symbol": null,
          "chains": [],
          "tvl": {
            "date": 1741948036,
            "totalLiquidityUSD": 790623832.36535
          },
          "fees": 37159812.0,
          "revenue": 3447871.0,
          "mcap": 193045975.62680778
        },
        "fluid-lending": {
          "name": "Fluid Lending",
          "symbol": "-",
          "chains": [
            "Polygon",
            "Ethereum",
            "Base",
            "Arbitrum"
          ],
          "tvl": {
            "date": 1741945259,
            "totalLiquidityUSD": 790623832.36535
          },
          "fees": 29924638.0,
          "revenue": 3447871.0,
          "mcap": null
        }
      },
      "aggregated": {
        "tvl": 5065140959.7307,
        "fees": 67084450.0,
        "revenue": 6895742.0
      },
      "monthly_revenue": {
        "fluid": {
          "2024-02": 1975,
          "2024-03": 109424,
          "2024-04": 411620,
          "2024-05": 330872,
          "2024-06": 322624,
          "2024-07": 162645,
          "2024-08": 100056,
          "2024-09": 106314,
          "2024-10": 128703,
          "2024-11": 312397,
          "2024-12": 518236,
          "2025-01": 395707,
          "2025-02": 449790,
          "2025-03": 97508
        },
        "fluid-lending": {
          "2024-02": 1975,
          "2024-03": 109424,
          "2024-04": 411620,
          "2024-05": 330872,
          "2024-06": 322624,
          "2024-07": 162645,
          "2024-08": 100056,
          "2024-09": 106314,
          "2024-10": 128703,
          "2024-11": 312397,
          "2024-12": 518236,
          "2025-01": 395707,
          "2025-02": 449790,
          "2025-03": 97508
        }
      }
    },
    "jupiter": {
      "versions": {
        "jupiter": {
          "name": "Jupiter",
          "symbol": "JUP",
          "chains": [],
          "tvl": {
            "date": 1741948046,
            "totalLiquidityUSD": 1972324585.85146
          },
          "fees": 609009493.0,
          "revenue": 164022642.0,
          "mcap": 1373633129.4342842
        },
        "jupiter-aggregator": {
          "name": "Jupiter Aggregator",
          "symbol": "JUP",
          "chains": [
            "Solana"
          ],
          "tvl": {
            "date": 1697068800,
            "totalLiquidityUSD": 0
          },
          "fees": 72659223.0,
          "revenue": 19826825.0,
          "mcap": 1373633129.4342842
        }
      },
      "aggregated": {
        "tvl": 5411341431.8514595,
        "fees": 681668716.0,
        "revenue": 183849467.0
      },
      "monthly_revenue": {
        "jupiter": {
          "2023-09": 0,
          "2023-10": 10931,
          "2023-11": 584826,
          "2023-12": 823926,
          "2024-01": 2576120,
          "2024-02": 4233166,
          "2024-03": 8130508,
          "2024-04": 6751684,
          "2024-05": 5724762,
          "2024-06": 5343935,
          "2024-07": 7379074,
          "2024-08": 6348065,
          "2024-09": 4809157,
          "2024-10": 7448091,
          "2024-11": 16184372,
          "2024-12": 20622840,
          "2025-01": 24750241,
          "2025-02": 31702460,
          "2025-03": 10598484
        },
        "jupiter-aggregator": {
          "2024-09": 89847,
          "2024-10": 226894,
          "2024-11": 475771,
          "2024-12": 288129,
          "2025-01": 4726987,
          "2025-02": 10069302,
          "2025-03": 3949895
        }
      }
    },
    "makerdao": {
      "versions": {
        "maker": {
          "name": "Maker",
          "symbol": "MKR",
          "chains": [],
          "tvl": {
            "date": 1741948051,
            "totalLiquidityUSD": 4003670133.35161
          },
          "fees": 657116859.0,
          "revenue": 420462692.0,
          "mcap": 970782146.6790639
        },
        "makerdao": {
          "name": "MakerDAO",
          "symbol": "MKR",
          "chains": [
            "Ethereum"
          ],
          "tvl": {
            "date": 1741945691,
            "totalLiquidityUSD": 2455773290.08967
          },
          "fees": 657116859.0,
          "revenue": 420462692.0,
          "mcap": 970782146.6790639
        }
      },
      "aggregated": {
        "tvl": 9943337165.44128,
        "fees": 1314233718.0,
        "revenue": 840925384.0
      },
      "monthly_revenue": {
        "maker": {
          "2019-11": 18661,
          "2019-12": 143795,
          "2020-01": 247243,
          "2020-02": 337857,
          "2020-03": 150583,
          "2020-04": 21098,
          "2020-05": 2708,
          "2020-06": 9913,
          "2020-07": 33501,
          "2020-08": 6576,
          "2020-09": 181200,
          "2020-10": 885700,
          "2020-11": 999557,
          "2020-12": 1256159,
          "2021-01": 2433269,
          "2021-02": 4671400,
          "2021-03": 7927156,
          "2021-04": 9810714,
          "2021-05": 12828611,
          "2021-06": 7913950,
          "2021-07": 4289886,
          "2021-08": 3238869,
          "2021-09": 3771549,
          "2021-10": 5084370,
          "2021-11": 9761660,
          "2021-12": 11916021,
          "2022-01": 10218929,
          "2022-02": 6646245,
          "2022-03": 5761100,
          "2022-04": 5548782,
          "2022-05": 4005376,
          "2022-06": 2235903,
          "2022-07": 1272122,
          "2022-08": 1369004,
          "2022-09": 994213,
          "2022-10": 844956,
          "2022-11": 1481875,
          "2022-12": 2528027,
          "2023-01": 2682894,
          "2023-02": 2572513,
          "2023-03": 2885476,
          "2023-04": 2898583,
          "2023-05": 4483178,
          "2023-06": 7685550,
          "2023-07": 9874153,
          "2023-08": 7479579,
          "2023-09": 7940417,
          "2023-10": 9966378,
          "2023-11": 10234650,
          "2023-12": 11317825,
          "2024-01": 12311005,
          "2024-02": 13390755,
          "2024-03": 16577443,
          "2024-04": 14825818,
          "2024-05": 11624543,
          "2024-06": 13244189,
          "2024-07": 11412920,
          "2024-08": 10034552,
          "2024-09": 11650559,
          "2024-10": 14137853,
          "2024-11": 18908208,
          "2024-12": 28358808,
          "2025-01": 18444763,
          "2025-02": 9007346,
          "2025-03": 5664196
        },
        "makerdao": {
          "2019-11": 18661,
          "2019-12": 143795,
          "2020-01": 247243,
          "2020-02": 337857,
          "2020-03": 150583,
          "2020-04": 21098,
          "2020-05": 2708,
          "2020-06": 9913,
          "2020-07": 33501,
          "2020-08": 6576,
          "2020-09": 181200,
          "2020-10": 885700,
          "2020-11": 999557,
          "2020-12": 1256159,
          "2021-01": 2433269,
          "2021-02": 4671400,
          "2021-03": 7927156,
          "2021-04": 9810714,
          "2021-05": 12828611,
          "2021-06": 7913950,
          "2021-07": 4289886,
          "2021-08": 3238869,
          "2021-09": 3771549,
          "2021-10": 5084370,
          "2021-11": 9761660,
          "2021-12": 11916021,
          "2022-01": 10218929,
          "2022-02": 6646245,
          "2022-03": 5761100,
          "2022-04": 5548782,
          "2022-05": 4005376,
          "2022-06": 2235903,
          "2022-07": 1272122,
          "2022-08": 1369004,
          "2022-09": 994213,
          "2022-10": 844956,
          "2022-11": 1481875,
          "2022-12": 2528027,
          "2023-01": 2682894,
          "2023-02": 2572513,
          "2023-03": 2885476,
          "2023-04": 2898583,
          "2023-05": 4483178,
          "2023-06": 7685550,
          "2023-07": 9874153,
          "2023-08": 7479579,
          "2023-09": 7940417,
          "2023-10": 9966378,
          "2023-11": 10234650,
          "2023-12": 11317825,
          "2024-01": 12311005,
          "2024-02": 13390755,
          "2024-03": 16577443,
          "2024-04": 14825818,
          "2024-05": 11624543,
          "2024-06": 13244189,
          "2024-07": 11412920,
          "2024-08": 10034552,
          "2024-09": 11650559,
          "2024-10": 14137853,
          "2024-11": 18908208,
          "2024-12": 28358808,
          "2025-01": 18444763,
          "2025-02": 9007346,
          "2025-03": 5664196
        }
      }
    }
  },
  "chains": {
    "ethereum": {
      "monthly_revenue": {
        "2018-08": 288,
        "2018-09": 2269,
        "2018-10": 1180,
        "2018-11": 850,
        "2018-12": 2236,
        "2019-01": 5446,
        "2019-02": 6142,
        "2019-03": 11929,
        "2019-04": 12179,
        "2019-05": 13459,
        "2019-06": 17861,
        "2019-07": 42173,
        "2019-08": 67942,
        "2019-09": 49234,
        "2019-10": 44767,
        "2019-11": 49485,
        "2019-12": 171967,
        "2020-01": 282076,
        "2020-02": 379554,
        "2020-03": 182308,
        "2020-04": 44504,
        "2020-05": 36280,
        "2020-06": 637366,
        "2020-07": 631275,
        "2020-08": 486878,
        "2020-09": 1957217,
        "2020-10": 1901046,
        "2020-11": 3352529,
        "2020-12": 4824747,
        "2021-01": 13132888,
        "2021-02": 21645278,
        "2021-03": 28268170,
        "2021-04": 40143201,
        "2021-05": 46850747,
        "2021-06": 26346736,
        "2021-07": 24739361,
        "2021-08": 557350469,
        "2021-09": 967867522,
        "2021-10": 1248572652,
        "2021-11": 1716172111,
        "2021-12": 1151483820,
        "2022-01": 1613444435,
        "2022-02": 876884614,
        "2022-03": 497901499,
        "2022-04": 614141187,
        "2022-05": 647901717,
        "2022-06": 362917846,
        "2022-07": 304360365,
        "2022-08": 344070841,
        "2022-09": 329599367,
        "2022-10": 378516676,
        "2022-11": 368059566,
        "2022-12": 387965372,
        "2023-01": 467945972,
        "2023-02": 509842253,
        "2023-03": 588475857,
        "2023-04": 607536867,
        "2023-05": 595726762,
        "2023-06": 492443336,
        "2023-07": 524312279,
        "2023-08": 543788219,
        "2023-09": 539963883,
        "2023-10": 536176986,
        "2023-11": 664006005,
        "2023-12": 802504811,
        "2024-01": 705361176,
        "2024-02": 835215393,
        "2024-03": 1184827300,
        "2024-04": 809591981,
        "2024-05": 729619313,
        "2024-06": 714935840,
        "2024-07": 674849218,
        "2024-08": 661615081,
        "2024-09": 692569687,
        "2024-10": 764622532,
        "2024-11": 840721829,
        "2024-12": 1015733416,
        "2025-01": 922079760,
        "2025-02": 770410114,
        "2025-03": 374171974
      }
    },
    "solana": {
      "monthly_revenue": {
        "2021-01": 11568,
        "2021-02": 58655,
        "2021-03": 87357,
        "2021-04": 194034,
        "2021-05": 248543,
        "2021-06": 193313,
        "2021-07": 176710,
        "2021-08": 600591,
        "2021-09": 1992380,
        "2021-10": 2976404,
        "2021-11": 4020566,
        "2021-12": 3450103,
        "2022-01": 2313270,
        "2022-02": 1845247,
        "2022-03": 1943953,
        "2022-04": 1840020,
        "2022-05": 1345906,
        "2022-06": 679259,
        "2022-07": 957676,
        "2022-08": 1015765,
        "2022-09": 3029562,
        "2022-10": 1023565,
        "2022-11": 755194,
        "2022-12": 416648,
        "2023-01": 739260,
        "2023-02": 755926,
        "2023-03": 1039903,
        "2023-04": 676332,
        "2023-05": 842995,
        "2023-06": 691214,
        "2023-07": 1060972,
        "2023-08": 1066672,
        "2023-09": 826491,
        "2023-10": 1243025,
        "2023-11": 4127257,
        "2023-12": 19087241,
        "2024-01": 23792856,
        "2024-02": 20635354,
        "2024-03": 104534407,
        "2024-04": 80631976,
        "2024-05": 92222819,
        "2024-06": 127592491,
        "2024-07": 143415444,
        "2024-08": 88408155,
        "2024-09": 63843459,
        "2024-10": 189555410,
        "2024-11": 516923618,
        "2024-12": 428628058,
        "2025-01": 780058557,
        "2025-02": 330630870,
        "2025-03": 69389416
      }
    },
    "sonic": {
      "monthly_revenue": {
        "2025-01": 2830320.0,
        "2025-02": 2830320.0,
        "2025-03": 2830320.0,
        "2025-04": 2830320.0,
        "2025-05": 2830320.0,
        "2025-06": 2830320.0,
        "2025-07": 2830320.0,
        "2025-08": 2830320.0,
        "2025-09": 2830320.0,
        "2025-10": 2830320.0,
        "2025-11": 2830320.0,
        "2025-12": 2830320.0
      }
    },
    "arbitrum": {
      "monthly_revenue": {
        "2021-08": -46726,
        "2021-09": 3133775,
        "2021-10": 3656021,
        "2021-11": 4370897,
        "2021-12": 3223208,
        "2022-01": 5859971,
        "2022-02": 3447806,
        "2022-03": 3293371,
        "2022-04": 3028258,
        "2022-05": 3336803,
        "2022-06": 2457709,
        "2022-07": 1843011,
        "2022-08": 3195791,
        "2022-09": 4424158,
        "2022-10": 3054854,
        "2022-11": 6210067,
        "2022-12": 3022739,
        "2023-01": 5785916,
        "2023-02": 10579614,
        "2023-03": 13834179,
        "2023-04": 12843104,
        "2023-05": 8761936,
        "2023-06": 10922411,
        "2023-07": 11395553,
        "2023-08": 6694953,
        "2023-09": 4626914,
        "2023-10": 6606131,
        "2023-11": 9557556,
        "2023-12": 12543741,
        "2024-01": 16128080,
        "2024-02": 16650921,
        "2024-03": 22699527,
        "2024-04": 15015758,
        "2024-05": 10353400,
        "2024-06": 13915110,
        "2024-07": 11125804,
        "2024-08": 10435062,
        "2024-09": 5178535,
        "2024-10": 6586522,
        "2024-11": 10750735,
        "2024-12": 14380373,
        "2025-01": 11444389,
        "2025-02": 8875013,
        "2025-03": 3372912
      }
    },
    "optimism": {
      "monthly_revenue": {
        "2025-01": 0.0,
        "2025-02": 0.0,
        "2025-03": 0.0,
        "2025-04": 0.0,
        "2025-05": 0.0,
        "2025-06": 0.0,
        "2025-07": 0.0,
        "2025-08": 0.0,
        "2025-09": 0.0,
        "2025-10": 0.0,
        "2025-11": 0.0,
        "2025-12": 0.0
      }
    },
    "polygon": {
      "monthly_revenue": {
        "2020-10": 517,
        "2020-11": 541,
        "2020-12": 205,
        "2021-01": 6872,
        "2021-02": 107639,
        "2021-03": 276125,
        "2021-04": 937666,
        "2021-05": 7895841,
        "2021-06": 9310707,
        "2021-07": 3995005,
        "2021-08": 3376280,
        "2021-09": 3061826,
        "2021-10": 4377962,
        "2021-11": 4493459,
        "2021-12": 4639276,
        "2022-01": 3729094,
        "2022-02": 2262842,
        "2022-03": 2023301,
        "2022-04": 1482411,
        "2022-05": 1816762,
        "2022-06": 1015918,
        "2022-07": 769770,
        "2022-08": 1005081,
        "2022-09": 1170363,
        "2022-10": 1198583,
        "2022-11": 1952332,
        "2022-12": 936800,
        "2023-01": 1112054,
        "2023-02": 1897553,
        "2023-03": 3926816,
        "2023-04": 4701677,
        "2023-05": 3581932,
        "2023-06": 2991314,
        "2023-07": 2380973,
        "2023-08": 2822874,
        "2023-09": 4772544,
        "2023-10": 4575952,
        "2023-11": 4892171,
        "2023-12": 11266851,
        "2024-01": 3600003,
        "2024-02": 3591543,
        "2024-03": 5619287,
        "2024-04": 4559340,
        "2024-05": 2471058,
        "2024-06": 2561987,
        "2024-07": 2207641,
        "2024-08": 2611155,
        "2024-09": 1252897,
        "2024-10": 1982487,
        "2024-11": 2405381,
        "2024-12": 4127985,
        "2025-01": 2060874,
        "2025-02": 2187698,
        "2025-03": 590539
      }
    },
    "mantle": {
      "monthly_revenue": {
        "2023-07": 2025,
        "2023-08": 24112,
        "2023-09": 6307,
        "2023-10": 22203,
        "2023-11": 44117,
        "2023-12": 149297,
        "2024-01": 223678,
        "2024-02": 183573,
        "2024-03": 174420,
        "2024-04": 831765,
        "2024-05": 635312,
        "2024-06": 375674,
        "2024-07": 658528,
        "2024-08": 621545,
        "2024-09": 498207,
        "2024-10": 1054092,
        "2024-11": 1549996,
        "2024-12": 593288,
        "2025-01": 797352,
        "2025-02": 357761,
        "2025-03": 422724
      }
    },
    "scroll": {
      "monthly_revenue": {
        "2023-09": 6,
        "2023-10": 211,
        "2023-11": 8158,
        "2023-12": 3776,
        "2024-01": 6631,
        "2024-02": 10934,
        "2024-03": 8388,
        "2024-04": 13742,
        "2024-05": 10410,
        "2024-06": 46838,
        "2024-07": 315893,
        "2024-08": 304741,
        "2024-09": 372159,
        "2024-10": 646703,
        "2024-11": 454618,
        "2024-12": 247406,
        "2025-01": 107191,
        "2025-02": 80581,
        "2025-03": 15648
      }
    },
    "base": {
      "monthly_revenue": {
        "2023-07": 700485,
        "2023-08": 7833642,
        "2023-09": 15145965,
        "2023-10": 7543853,
        "2023-11": 3397056,
        "2023-12": 2396529,
        "2024-01": 1643289,
        "2024-02": 3089164,
        "2024-03": 35993212,
        "2024-04": 27917006,
        "2024-05": 21150125,
        "2024-06": 15870630,
        "2024-07": 13076117,
        "2024-08": 11776167,
        "2024-09": 10262708,
        "2024-10": 19532646,
        "2024-11": 46732353,
        "2024-12": 68603167,
        "2025-01": 78641334,
        "2025-02": 38951552,
        "2025-03": 13598651
      }
    },
    "avalanche": {
      "monthly_revenue": {
        "2021-02": 180576,
        "2021-03": 276695,
        "2021-04": 267302,
        "2021-05": 516654,
        "2021-06": 104629,
        "2021-07": 72711,
        "2021-08": 1761217,
        "2021-09": 4098292,
        "2021-10": 5705873,
        "2021-11": 13143557,
        "2021-12": 12258820,
        "2022-01": 11083029,
        "2022-02": 6690092,
        "2022-03": 5225597,
        "2022-04": 4308577,
        "2022-05": 4589183,
        "2022-06": 2760885,
        "2022-07": 1670708,
        "2022-08": 1491143,
        "2022-09": 1215598,
        "2022-10": 923985,
        "2022-11": 1538950,
        "2022-12": 913746,
        "2023-01": 1697621,
        "2023-02": 2134431,
        "2023-03": 2295250,
        "2023-04": 3437781,
        "2023-05": 2362469,
        "2023-06": 2319518,
        "2023-07": 2331475,
        "2023-08": 1454032,
        "2023-09": 843359,
        "2023-10": 1563581,
        "2023-11": 5215786,
        "2023-12": 55451689,
        "2024-01": 4648178,
        "2024-02": 3878413,
        "2024-03": 8829451,
        "2024-04": 3883827,
        "2024-05": 2373575,
        "2024-06": 1333464,
        "2024-07": 1769154,
        "2024-08": 1850696,
        "2024-09": 1543497,
        "2024-10": 2071249,
        "2024-11": 4235732,
        "2024-12": 4900779,
        "2025-01": 3932395,
        "2025-02": 5409457,
        "2025-03": 2241346
      }
    },
    "bsc": {
      "monthly_revenue": {
        "2021-02": 86651,
        "2021-03": 107278,
        "2021-04": 8347101,
        "2021-05": 67240319,
        "2021-06": 20061369,
        "2021-07": 17314255,
        "2021-08": 25608203,
        "2021-09": 24614316,
        "2021-10": 32729539,
        "2021-11": 64229460,
        "2021-12": 66588071,
        "2022-01": 38553253,
        "2022-02": 28411193,
        "2022-03": 27545904,
        "2022-04": 31551425,
        "2022-05": 28816932,
        "2022-06": 15216775,
        "2022-07": 12202382,
        "2022-08": 13189025,
        "2022-09": 9879135,
        "2022-10": 9296071,
        "2022-11": 11751307,
        "2022-12": 6511305,
        "2023-01": 8790763,
        "2023-02": 12186413,
        "2023-03": 13072090,
        "2023-04": 14947342,
        "2023-05": 19424819,
        "2023-06": 11659393,
        "2023-07": 9506357,
        "2023-08": 7373820,
        "2023-09": 6275103,
        "2023-10": 7064291,
        "2023-11": 8912051,
        "2023-12": 13698490,
        "2024-01": 13504893,
        "2024-02": 15749799,
        "2024-03": 32277730,
        "2024-04": 25831905,
        "2024-05": 21211547,
        "2024-06": 16566172,
        "2024-07": 14180613,
        "2024-08": 16233485,
        "2024-09": 12728163,
        "2024-10": 18154393,
        "2024-11": 20309229,
        "2024-12": 37156868,
        "2025-01": 60609628,
        "2025-02": 65349380,
        "2025-03": 15384909
      }
    },
    "tron": {
      "monthly_revenue": {
        "2020-02": 20553,
        "2020-03": 36330,
        "2020-04": 42507,
        "2020-05": 51454,
        "2020-06": 56009,
        "2020-07": 184526,
        "2020-08": 470403,
        "2020-09": 618234,
        "2020-10": 595467,
        "2020-11": 734116,
        "2020-12": 1882918,
        "2021-01": 2058732,
        "2021-02": 4481371,
        "2021-03": 7244895,
        "2021-04": 13059189,
        "2021-05": 11374622,
        "2021-06": 6547780,
        "2021-07": 6210833,
        "2021-08": 10073779,
        "2021-09": 11012968,
        "2021-10": 13420395,
        "2021-11": 22875150,
        "2021-12": 18243147,
        "2022-01": 13878906,
        "2022-02": 12818930,
        "2022-03": 13042612,
        "2022-04": 14827030,
        "2022-05": 18647579,
        "2022-06": 15271439,
        "2022-07": 13030933,
        "2022-08": 13410233,
        "2022-09": 11920045,
        "2022-10": 14950425,
        "2022-11": 15041756,
        "2022-12": 18071253,
        "2023-01": 18416848,
        "2023-02": 34537459,
        "2023-03": 37097868,
        "2023-04": 36396979,
        "2023-05": 39717386,
        "2023-06": 33743363,
        "2023-07": 37285186,
        "2023-08": 33932618,
        "2023-09": 33592834,
        "2023-10": 38681705,
        "2023-11": 41546033,
        "2023-12": 39194299,
        "2024-01": 37203085,
        "2024-02": 30018464,
        "2024-03": 51012370,
        "2024-04": 39963045,
        "2024-05": 39375907,
        "2024-06": 38732761,
        "2024-07": 42086312,
        "2024-08": 66065147,
        "2024-09": 49637008,
        "2024-10": 49383891,
        "2024-11": 56840793,
        "2024-12": 75575052,
        "2025-01": 56904247,
        "2025-02": 48400284,
        "2025-03": 25328217
      }
    },
    "hyperliquid-l1": {
      "monthly_revenue": {
        "2025-01": 23819049.0,
        "2025-02": 23819049.0,
        "2025-03": 23819049.0,
        "2025-04": 23819049.0,
        "2025-05": 23819049.0,
        "2025-06": 23819049.0,
        "2025-07": 23819049.0,
        "2025-08": 23819049.0,
        "2025-09": 23819049.0,
        "2025-10": 23819049.0,
        "2025-11": 23819049.0,
        "2025-12": 23819049.0
      }
    },
    "op-mainnet": {
      "monthly_revenue": {
        "2021-11": 687254,
        "2021-12": 1295822,
        "2022-01": 908727,
        "2022-02": 245785,
        "2022-03": 381979,
        "2022-04": 553823,
        "2022-05": 1143260,
        "2022-06": 509308,
        "2022-07": 199182,
        "2022-08": 581173,
        "2022-09": 548211,
        "2022-10": 448517,
        "2022-11": 586194,
        "2022-12": 478187,
        "2023-01": 843969,
        "2023-02": 1258709,
        "2023-03": 6238413,
        "2023-04": 5767093,
        "2023-05": 4960938,
        "2023-06": 4081156,
        "2023-07": 6833664,
        "2023-08": 9339365,
        "2023-09": 4179862,
        "2023-10": 5369193,
        "2023-11": 5887348,
        "2023-12": 8388138,
        "2024-01": 5428573,
        "2024-02": 3360874,
        "2024-03": 10884356,
        "2024-04": 6719978,
        "2024-05": 5163167,
        "2024-06": 4407267,
        "2024-07": 3992186,
        "2024-08": 3302674,
        "2024-09": 2219711,
        "2024-10": 3186329,
        "2024-11": 6864020,
        "2024-12": 5543837,
        "2025-01": 3099546,
        "2025-02": 2313792,
        "2025-03": 941010
      }
    },
    "moonbeam": {
      "monthly_revenue": {
        "2022-01": 76577,
        "2022-02": 47615,
        "2022-03": 39740,
        "2022-04": 86551,
        "2022-05": 54957,
        "2022-06": 28328,
        "2022-07": 25500,
        "2022-08": 39297,
        "2022-09": 17780,
        "2022-10": 15081,
        "2022-11": 16349,
        "2022-12": 13381,
        "2023-01": 2722,
        "2023-02": 5,
        "2023-03": 3,
        "2023-04": 3,
        "2023-05": 4,
        "2023-06": 278,
        "2023-07": 4087,
        "2023-08": 7136,
        "2023-09": 8126,
        "2023-10": 4762,
        "2023-11": 9267,
        "2023-12": 18701,
        "2024-01": 9694,
        "2024-02": 10054,
        "2024-03": 42209,
        "2024-04": 16464,
        "2024-05": 19066,
        "2024-06": 36402,
        "2024-07": 14470,
        "2024-08": 15302,
        "2024-09": 8690,
        "2024-10": 8838,
        "2024-11": 23959,
        "2024-12": 30790,
        "2025-01": 26207,
        "2025-02": 14819,
        "2025-03": 5930
      }
    },
    "moonriver": {
      "monthly_revenue": {
        "2021-09": 180287,
        "2021-10": 171058,
        "2021-11": 563777,
        "2021-12": 384746,
        "2022-01": 307603,
        "2022-02": 131716,
        "2022-03": 336836,
        "2022-04": 372040,
        "2022-05": 263686,
        "2022-06": 126177,
        "2022-07": 107007,
        "2022-08": 79961,
        "2022-09": 72802,
        "2022-10": 66375,
        "2022-11": 42747,
        "2022-12": 32634,
        "2023-01": 21744,
        "2023-02": 13181,
        "2023-03": 20648,
        "2023-04": 9383,
        "2023-05": 3817,
        "2023-06": 1380,
        "2023-07": 2620,
        "2023-08": 1471,
        "2023-09": 763,
        "2023-10": 590,
        "2023-11": 2762,
        "2023-12": 3580,
        "2024-01": 1004,
        "2024-02": 731,
        "2024-03": 1920,
        "2024-04": 2460,
        "2024-05": 1419,
        "2024-06": 2757,
        "2024-07": 2425,
        "2024-08": 1302,
        "2024-09": 1156,
        "2024-10": 1549,
        "2024-11": 2622,
        "2024-12": 1100,
        "2025-01": 1286,
        "2025-02": 1132,
        "2025-03": 525
      }
    }
  }
}